@article{Davis2003TheCG,
  title={The card game set},
  author={Benjamin Lent Davis and D. Maclagan},
  journal={The Mathematical Intelligencer},
  year={2003},
  volume={25},
  pages={33-40}
}